@inproceedings{wang2020lattice,
  title={Lattice PUF: A strong physical unclonable function provably secure against machine learning attacks},
  author={Wang, Ye and Xi, Xiaodan and Orshansky, Michael},
  booktitle={2020 IEEE International Symposium on Hardware Oriented Security and Trust (HOST)},
  pages={273--283},
  year={2020},
  organization={IEEE}
}
@inproceedings{aysu2015end,
  title={End-to-end design of a PUF-based privacy preserving authentication protocol},
  author={Aysu, Aydin and Gulcan, Ege and Moriyama, Daisuke and Schaumont, Patrick and Yung, Moti},
  booktitle={International Workshop on Cryptographic Hardware and Embedded Systems},
  pages={556--576},
  year={2015},
  organization={Springer}
}

@inproceedings{dodis2004fuzzy,
  title={Fuzzy extractors: How to generate strong keys from biometrics and other noisy data},
  author={Dodis, Yevgeniy and Reyzin, Leonid and Smith, Adam},
  booktitle={International conference on the theory and applications of cryptographic techniques},
  pages={523--540},
  year={2004},
  organization={Springer}
}

@inproceedings{van2012reverse,
  title={Reverse fuzzy extractors: Enabling lightweight mutual authentication for PUF-enabled RFIDs},
  author={Van Herrewege, Anthony and Katzenbeisser, Stefan and Maes, Roel and Peeters, Roel and Sadeghi, Ahmad-Reza and Verbauwhede, Ingrid and Wachsmann, Christian},
  booktitle={International Conference on Financial Cryptography and Data Security},
  pages={374--389},
  year={2012},
  organization={Springer}
}

@inproceedings{delvaux2016efficient,
  title={Efficient fuzzy extraction of PUF-induced secrets: Theory and applications},
  author={Delvaux, Jeroen and Gu, Dawu and Verbauwhede, Ingrid and Hiller, Matthias and Yu, Meng-Day Mandel},
  booktitle={International Conference on Cryptographic Hardware and Embedded Systems},
  pages={412--431},
  year={2016},
  organization={Springer}
}

@misc{chollet2015keras,
  title={Keras},
  author={Chollet, Fran{\c{c}}ois and others},
  year={2015}
}

@inproceedings{majzoobi2008lightweight,
  title={Lightweight secure pufs},
  author={Majzoobi, Mehrdad and Koushanfar, Farinaz and Potkonjak, Miodrag},
  booktitle={Proceedings of the 2008 IEEE/ACM International Conference on Computer-Aided Design},
  pages={670--673},
  year={2008},
  organization={IEEE Press}
}

@inproceedings{abadi2016tensorflow,
  title={Tensorflow: A system for large-scale machine learning},
  author={Abadi, Mart{\'\i}n and Barham, Paul and Chen, Jianmin and Chen, Zhifeng and Davis, Andy and Dean, Jeffrey and Devin, Matthieu and Ghemawat, Sanjay and Irving, Geoffrey and Isard, Michael and others},
  booktitle={12th $\{$USENIX$\}$ Symposium on Operating Systems Design and Implementation ($\{$OSDI$\}$ 16)},
  pages={265--283},
  year={2016}
}

@misc{tensorflow2015-whitepaper,
title={ {TensorFlow}: Large-Scale Machine Learning on Heterogeneous Systems},
url={https://www.tensorflow.org/},
note={Software available from tensorflow.org},
author={
    Mart\'{\i}n~Abadi and
    Ashish~Agarwal and
    Paul~Barham and
    Eugene~Brevdo and
    Zhifeng~Chen and
    Craig~Citro and
    Greg~S.~Corrado and
    Andy~Davis and
    Jeffrey~Dean and
    Matthieu~Devin and
    Sanjay~Ghemawat and
    Ian~Goodfellow and
    Andrew~Harp and
    Geoffrey~Irving and
    Michael~Isard and
    Yangqing Jia and
    Rafal~Jozefowicz and
    Lukasz~Kaiser and
    Manjunath~Kudlur and
    Josh~Levenberg and
    Dandelion~Man\'{e} and
    Rajat~Monga and
    Sherry~Moore and
    Derek~Murray and
    Chris~Olah and
    Mike~Schuster and
    Jonathon~Shlens and
    Benoit~Steiner and
    Ilya~Sutskever and
    Kunal~Talwar and
    Paul~Tucker and
    Vincent~Vanhoucke and
    Vijay~Vasudevan and
    Fernanda~Vi\'{e}gas and
    Oriol~Vinyals and
    Pete~Warden and
    Martin~Wattenberg and
    Martin~Wicke and
    Yuan~Yu and
    Xiaoqiang~Zheng},
  year={2015},
}
@article{yu2016lockdown,
  title={A lockdown technique to prevent machine learning on PUFs for lightweight authentication},
  author={Yu, Meng-Day and Hiller, Matthias and Delvaux, Jeroen and Sowell, Richard and Devadas, Srinivas and Verbauwhede, Ingrid},
  journal={IEEE Transactions on Multi-Scale Computing Systems},
  volume={2},
  number={3},
  pages={146--159},
  year={2016},
  publisher={IEEE}
}
@article{scikit-learn,
 title={Scikit-learn: Machine Learning in {P}ython},
 author={Pedregosa, F. and Varoquaux, G. and Gramfort, A. and Michel, V.
         and Thirion, B. and Grisel, O. and Blondel, M. and Prettenhofer, P.
         and Weiss, R. and Dubourg, V. and Vanderplas, J. and Passos, A. and
         Cournapeau, D. and Brucher, M. and Perrot, M. and Duchesnay, E.},
 journal={Journal of Machine Learning Research},
 volume={12},
 pages={2825--2830},
 year={2011}
}
@inproceedings{chen2011bistable,
  title={The bistable ring PUF: A new architecture for strong physical unclonable functions},
  author={Chen, Qingqing and Csaba, Gy{\"o}rgy and Lugli, Paolo and Schlichtmann, Ulf and R{\"u}hrmair, Ulrich},
  booktitle={2011 IEEE International Symposium on Hardware-Oriented Security and Trust},
  pages={134--141},
  year={2011},
  organization={IEEE}
}
@article{lim2005extracting,
  title={Extracting secret keys from integrated circuits},
  author={Lim, Daihyun and Lee, Jae W and Gassend, Blaise and Suh, G Edward and Van Dijk, Marten and Devadas, Srinivas},
  journal={IEEE Transactions on Very Large Scale Integration (VLSI) Systems},
  volume={13},
  number={10},
  pages={1200--1205},
  year={2005},
  publisher={IEEE}
}
@article{alkim2015tesla,
  title={TESLA: Tightly-Secure Efficient Signatures from Standard Lattices.},
  author={Alkim, Erdem and Bindel, Nina and Buchmann, Johannes A and Dagdelen, {\"O}zg{\"u}r and Schwabe, Peter},
  journal={IACR Cryptology ePrint Archive},
  volume={2015},
  pages={755},
  year={2015}
}

@inproceedings{bouillaguet2017fast,
  title={Fast lattice-based encryption: Stretching spring},
  author={Bouillaguet, Charles and Delaplace, Claire and Fouque, Pierre-Alain and Kirchner, Paul},
  booktitle={International Workshop on Post-Quantum Cryptography},
  pages={125--142},
  year={2017},
  organization={Springer}
}

@inproceedings{bos2016frodo,
  title={Frodo: Take off the ring! practical, quantum-secure key exchange from LWE},
  author={Bos, Joppe and Costello, Craig and Ducas, L{\'e}o and Mironov, Ilya and Naehrig, Michael and Nikolaenko, Valeria and Raghunathan, Ananth and Stebila, Douglas},
  booktitle={Proceedings of the 2016 ACM SIGSAC Conference on Computer and Communications Security},
  pages={1006--1018},
  year={2016},
  organization={ACM}
}

@article{galbraith2013space,
  title={Space-efficient variants of cryptosystems based on learning with errors},
  author={Galbraith, Steven D},
  journal={url: https://www. math. auckland. ac. nz/\~{} sgal018/compact-LWE. pdf},
  year={2013},
  publisher={Citeseer}
}

@inproceedings{sun2015cca,
  title={CCA secure public key encryption scheme based on LWE without gaussian sampling},
  author={Sun, Xiaochao and Li, Bao and Lu, Xianhui and Fang, Fuyang},
  booktitle={International Conference on Information Security and Cryptology},
  pages={361--378},
  year={2015},
  organization={Springer}
}

@article{peikert2011lossy,
  title={Lossy trapdoor functions and their applications},
  author={Peikert, Chris and Waters, Brent},
  journal={SIAM Journal on Computing},
  volume={40},
  number={6},
  pages={1803--1844},
  year={2011},
  publisher={SIAM}
}

@inproceedings{peikert2009public,
  title={Public-key cryptosystems from the worst-case shortest vector problem},
  author={Peikert, Chris},
  booktitle={Proceedings of the forty-first annual ACM symposium on Theory of computing},
  pages={333--342},
  year={2009},
  organization={ACM}
}

@inproceedings{micciancio2012trapdoors,
  title={Trapdoors for lattices: Simpler, tighter, faster, smaller},
  author={Micciancio, Daniele and Peikert, Chris},
  booktitle={Annual International Conference on the Theory and Applications of Cryptographic Techniques},
  pages={700--718},
  year={2012},
  organization={Springer}
}

@inproceedings{bogdanov2016hardness,
  title={On the hardness of learning with rounding over small modulus},
  author={Bogdanov, Andrej and Guo, Siyao and Masny, Daniel and Richelson, Silas and Rosen, Alon},
  booktitle={Theory of Cryptography Conference},
  pages={209--224},
  year={2016},
  organization={Springer}
}

@incollection{alwen2013learning,
  title={Learning with rounding, revisited},
  author={Alwen, Jo{\"e}l and Krenn, Stephan and Pietrzak, Krzysztof and Wichs, Daniel},
  booktitle={Advances in Cryptology--CRYPTO 2013},
  pages={57--74},
  year={2013},
  publisher={Springer}
}

@inproceedings{banerjee2012pseudorandom,
  title={Pseudorandom functions and lattices},
  author={Banerjee, Abhishek and Peikert, Chris and Rosen, Alon},
  booktitle={Annual International Conference on the Theory and Applications of Cryptographic Techniques},
  pages={719--737},
  year={2012},
  organization={Springer}
}

@inproceedings{cheon2018lizard,
  title={Lizard: Cut Off the Tail! A Practical Post-quantum Public-Key Encryption from LWE and LWR},
  author={Cheon, Jung Hee and Kim, Duhyeong and Lee, Joohee and Song, Yongsoo},
  booktitle={International Conference on Security and Cryptography for Networks},
  pages={160--177},
  year={2018},
  organization={Springer}
}

@inproceedings{akavia2009simultaneous,
  title={Simultaneous hardcore bits and cryptography against memory attacks},
  author={Akavia, Adi and Goldwasser, Shafi and Vaikuntanathan, Vinod},
  booktitle={Theory of Cryptography Conference},
  pages={474--495},
  year={2009},
  organization={Springer}
}

@inproceedings{gentry2008trapdoors,
  title={Trapdoors for hard lattices and new cryptographic constructions},
  author={Gentry, Craig and Peikert, Chris and Vaikuntanathan, Vinod},
  booktitle={Proceedings of the fortieth annual ACM symposium on Theory of computing},
  pages={197--206},
  year={2008},
  organization={ACM}
}

@article{goldwasser2010robustness,
  title={Robustness of the learning with errors assumption},
  author={Goldwasser, Shafi and Kalai, Yael Tauman and Peikert, Chris and Vaikuntanathan, Vinod},
  journal={DSpace at MIT},
  year={2010},
  publisher={Tsinghua University Press}
}

@inproceedings{peikert2008framework,
  title={A framework for efficient and composable oblivious transfer},
  author={Peikert, Chris and Vaikuntanathan, Vinod and Waters, Brent},
  booktitle={Annual international cryptology conference},
  pages={554--571},
  year={2008},
  organization={Springer}
}

@techreport{naehrig2017frodokem,
  title={Frodokem},
  author={Naehrig, Michael and Alkim, Erdem and Bos, Joppe and Ducas, Leo and Easterbrook, Karen and LaMacchia, Brian and Longa, Patrick and Mironov, Ilya and Nikolaenko, Valeria and Peikert, Christopher and others},
  year={2017},
  institution={Technical report, National Institute of Standards and Technology}
}

@inproceedings{alkim2016post,
  title={Post-quantum Key Exchange-A New Hope.},
  author={Alkim, Erdem and Ducas, L{\'e}o and P{\"o}ppelmann, Thomas and Schwabe, Peter},
  booktitle={USENIX Security Symposium},
  year={2016}
}

@techreport{dworkin2015sha,
  title={SHA-3 standard: Permutation-based hash and extendable-output functions},
  author={Dworkin, Morris J},
  year={2015},
  institution={National Institute of Standards and Technology}
}

@inproceedings{maurer2004indifferentiability,
  title={Indifferentiability, impossibility results on reductions, and applications to the random oracle methodology},
  author={Maurer, Ueli and Renner, Renato and Holenstein, Clemens},
  booktitle={Theory of Cryptography Conference},
  pages={21--39},
  year={2004},
  organization={Springer}
}

@article{haastad1999pseudorandom,
  title={A pseudorandom generator from any one-way function},
  author={H{\aa}stad, Johan and Impagliazzo, Russell and Levin, Leonid A and Luby, Michael},
  journal={Journal on Computing},
  volume={28},
  number={4},
  pages={1364--1396},
  year={1999},
  publisher={SIAM}
}

@inproceedings{kiltz2011efficient,
  title={Efficient authentication from hard learning problems},
  author={Kiltz, Eike and Pietrzak, Krzysztof and Cash, David and Jain, Abhishek and Venturi, Daniele},
  booktitle={Annual International Conference on the Theory and Applications of Cryptographic Techniques},
  pages={7--26},
  year={2011},
  organization={Springer}
}

@inproceedings{apon2017efficient,
  title={Efficient, reusable fuzzy extractors from lwe},
  author={Apon, Daniel and Cho, Chongwon and Eldefrawy, Karim and Katz, Jonathan},
  booktitle={International Conference on Cyber Security Cryptography and Machine Learning},
  pages={1--18},
  year={2017},
  organization={Springer}
}
@inproceedings{lindner2011better,
  title={Better key sizes (and attacks) for LWE-based encryption},
  author={Lindner, Richard and Peikert, Chris},
  booktitle={Cryptographers’ Track at the RSA Conference},
  pages={319--339},
  year={2011},
  organization={Springer}
}
@inproceedings{fuller2013computational,
  title={Computational fuzzy extractors},
  author={Fuller, Benjamin and Meng, Xianrui and Reyzin, Leonid},
  booktitle={International Conference on the Theory and Application of Cryptology and Information Security},
  pages={174--193},
  year={2013},
  organization={Springer}
}
@book{boucheron2013concentration,
  title={Concentration inequalities: A nonasymptotic theory of independence},
  author={Boucheron, St{\'e}phane and Lugosi, G{\'a}bor and Massart, Pascal},
  year={2013},
  publisher={Oxford university press}
}
@incollection{maiti2013systematic,
  title={A systematic method to evaluate and compare the performance of physical unclonable functions},
  author={Maiti, Abhranil and Gunreddy, Vikash and Schaumont, Patrick},
  booktitle={Embedded systems design with FPGAs},
  pages={245--267},
  year={2013},
  publisher={Springer}
}
@inproceedings{becker2015gap,
  title={The gap between promise and reality: On the insecurity of XOR arbiter PUFs},
  author={Becker, Georg T},
  booktitle={International Workshop on Cryptographic Hardware and Embedded Systems},
  pages={535--555},
  year={2015},
  organization={Springer}
}
@inproceedings{kumar2014design,
  title={On design of a highly secure PUF based on non-linear current mirrors},
  author={Kumar, Raghavan and Burleson, Wayne},
  booktitle={Hardware-Oriented Security and Trust (HOST), 2014 IEEE International Symposium on},
  pages={38--43},
  year={2014},
  organization={IEEE}
}
@inproceedings{xi2017strong,
  title={Strong subthreshold current array PUF with 2 65 challenge-response pairs resilient to machine learning attacks in 130nm CMOS},
  author={Xi, Xiaodan and Zhuang, Haoyu and Sun, Nan and Orshansky, Michael},
  booktitle={VLSI Circuits, 2017 Symposium on},
  pages={C268--C269},
  year={2017},
  organization={IEEE}
}
@article{zhuang2019strong,
  title={A strong subthreshold current array PUF resilient to machine learning attacks},
  author={Zhuang, Haoyu and Xi, Xiaodan and Sun, Nan and Orshansky, Michael},
  journal={IEEE Transactions on Circuits and Systems I: Regular Papers},
  volume={67},
  number={1},
  pages={135--144},
  year={2019},
  publisher={IEEE}
}
@inproceedings{xi2018fresh,
  title={Fresh re-keying with strong PUFs: A new approach to side-channel security},
  author={Xi, Xiaodan and Aysu, Aydin and Orshansky, Michael},
  booktitle={2018 IEEE International Symposium on Hardware Oriented Security and Trust (HOST)},
  pages={118--125},
  year={2018},
  organization={IEEE}
}
@inproceedings{gassend2002silicon,
  title={Silicon physical random functions},
  author={Gassend, Blaise and Clarke, Dwaine and Van Dijk, Marten and Devadas, Srinivas},
  booktitle={Proceedings of the 9th ACM conference on Computer and communications security},
  pages={148--160},
  year={2002},
  organization={ACM}
}
@inproceedings{bhargava2014efficient,
  title={An efficient reliable PUF-based cryptographic key generator in 65nm CMOS},
  author={Bhargava, Mudit and Mai, Ken},
  booktitle={Proceedings of the conference on Design, Automation \& Test in Europe},
  pages={70},
  year={2014},
  organization={European Design and Automation Association}
}
@article{ganji2016pac,
  title={PAC learning of arbiter PUFs},
  author={Ganji, Fatemeh and Tajik, Shahin and Seifert, Jean-Pierre},
  journal={Journal of Cryptographic Engineering},
  volume={6},
  number={3},
  pages={249--258},
  year={2016},
  publisher={Springer}
}
@inproceedings{lee2004technique,
  title={A technique to build a secret key in integrated circuits for identification and authentication applications},
  author={Lee, Jae W and Lim, Daihyun and Gassend, Blaise and Suh, G Edward and Van Dijk, Marten and Devadas, Srinivas},
  booktitle={VLSI Circuits, 2004. Digest of Technical Papers. 2004 Symposium on},
  pages={176--179},
  year={2004},
  organization={IEEE}
}
@inproceedings{maes2009soft,
  title={A soft decision helper data algorithm for SRAM PUFs},
  author={Maes, Roel and Tuyls, Pim and Verbauwhede, Ingrid},
  booktitle={2009 IEEE international symposium on information theory},
  pages={2101--2105},
  year={2009},
  organization={IEEE}
}
@inproceedings{maes2013accurate,
  title={An accurate probabilistic reliability model for silicon PUFs},
  author={Maes, Roel},
  booktitle={International Workshop on Cryptographic Hardware and Embedded Systems},
  pages={73--89},
  year={2013},
  organization={Springer}
}
@inproceedings{xu2015security,
  title={Security evaluation and enhancement of bistable ring PUFs},
  author={Xu, Xiaolin and R{\"u}hrmair, Ulrich and Holcomb, Daniel E and Burleson, Wayne},
  booktitle={International Workshop on Radio Frequency Identification: Security and Privacy Issues},
  pages={3--16},
  year={2015},
  organization={Springer}
}
@inproceedings{suh2007physical,
  title={Physical unclonable functions for device authentication and secret key generation},
  author={Suh, G Edward and Devadas, Srinivas},
  booktitle={Proceedings of the 44th annual Design Automation Conference},
  pages={9--14},
  year={2007},
  organization={ACM}
}
@article{kingma2014adam,
  title={Adam: A method for stochastic optimization},
  author={Kingma, Diederik P and Ba, Jimmy},
  journal={arXiv preprint arXiv:1412.6980},
  year={2014}
}
@article{DBLP:journals/iacr/SantikellurBC19,
  author    = {Pranesh Santikellur and
               Aritra Bhattacharyay and
               Rajat Subhra Chakraborty},
  title     = {Deep Learning based Model Building Attacks on Arbiter {PUF} Compositions},
  journal   = {{IACR} Cryptology ePrint Archive},
  volume    = {2019},
  pages     = {566},
  year      = {2019},
  url       = {https://eprint.iacr.org/2019/566},
  timestamp = {Fri, 07 Jun 2019 09:03:47 +0200},
  biburl    = {https://dblp.org/rec/bib/journals/iacr/SantikellurBC19},
  bibsource = {dblp computer science bibliography, https://dblp.org}
}
@inproceedings{schuster2014evaluation,
  title={Evaluation of bistable ring pufs using single layer neural networks},
  author={Schuster, Dieter and Hesselbarth, Robert},
  booktitle={International Conference on Trust and Trustworthy Computing},
  pages={101--109},
  year={2014},
  organization={Springer}
}
@article{nguyen2019interpose,
  title={The interpose puf: Secure puf design against state-of-the-art machine learning attacks},
  author={Nguyen, Phuong Ha and Sahoo, Durga Prasad and Jin, Chenglu and Mahmood, Kaleel and R{\"u}hrmair, Ulrich and van Dijk, Marten},
  journal={IACR Transactions on Cryptographic Hardware and Embedded Systems},
  pages={243--290},
  year={2019}
}
@inproceedings{ganji2016strong,
  title={Strong machine learning attack against PUFs with no mathematical model},
  author={Ganji, Fatemeh and Tajik, Shahin and F{\"a}{\ss}ler, Fabian and Seifert, Jean-Pierre},
  booktitle={International Conference on Cryptographic Hardware and Embedded Systems},
  pages={391--411},
  year={2016},
  organization={Springer}
}
@inproceedings{ruhrmair2010modeling,
  title={Modeling attacks on physical unclonable functions},
  author={R{\"u}hrmair, Ulrich and Sehnke, Frank and S{\"o}lter, Jan and Dror, Gideon and Devadas, Srinivas and Schmidhuber, J{\"u}rgen},
  booktitle={Proceedings of the 17th ACM conference on Computer and communications security},
  pages={237--249},
  year={2010},
  organization={ACM}
}
@article{peikert2016decade,
  title={A decade of lattice cryptography},
  author={Peikert, Chris and others},
  journal={Foundations and Trends{\textregistered} in Theoretical Computer Science},
  volume={10},
  number={4},
  pages={283--424},
  year={2016},
  publisher={Now Publishers, Inc.}
}
@article{regev2009lattices,
  title={On lattices, learning with errors, random linear codes, and cryptography},
  author={Regev, Oded},
  journal={Journal of the ACM (JACM)},
  volume={56},
  number={6},
  pages={34},
  year={2009},
  publisher={ACM}
}

@inproceedings{klivans2006cryptographic,
  title={Cryptographic hardness for learning intersections of halfspaces},
  author={Klivans, Adam R and Sherstov, Alexander A},
  booktitle={Foundations of Computer Science, 2006. FOCS'06. 47th Annual IEEE Symposium on},
  pages={553--562},
  year={2006},
  organization={IEEE}
}
@article{kearns1994cryptographic,
  title={Cryptographic limitations on learning Boolean formulae and finite automata},
  author={Kearns, Michael and Valiant, Leslie},
  journal={Journal of the ACM (JACM)},
  volume={41},
  number={1},
  pages={67--95},
  year={1994},
  publisher={ACM}
}
@inproceedings{brakerski2013classical,
  title={Classical hardness of learning with errors},
  author={Brakerski, Zvika and Langlois, Adeline and Peikert, Chris and Regev, Oded and Stehl{\'e}, Damien},
  booktitle={Proceedings of the forty-fifth annual ACM symposium on Theory of computing},
  pages={575--584},
  year={2013},
  organization={ACM}
}
@book{mohri2012foundations,
  title={Foundations of machine learning},
  author={Mohri, Mehryar and Rostamizadeh, Afshin and Talwalkar, Ameet},
  year={2012},
  publisher={MIT press}
}
@book{katz2014introduction,
  title={Introduction to modern cryptography},
  author={Katz, Jonathan and Lindell, Yehuda},
  year={2014},
  publisher={CRC press}
}
@inproceedings{kharitonov1993cryptographic,
  title={Cryptographic hardness of distribution-specific learning},
  author={Kharitonov, Michael},
  booktitle={Proceedings of the twenty-fifth annual ACM symposium on Theory of computing},
  pages={372--381},
  year={1993},
  organization={ACM}
}
@incollection{goldreich2011collision,
  title={Collision-free hashing from lattice problems},
  author={Goldreich, Oded and Goldwasser, Shafi and Halevi, Shai},
  booktitle={Studies in Complexity and Cryptography. Miscellanea on the Interplay between Randomness and Computation},
  pages={30--39},
  year={2011},
  publisher={Springer}
}
@article{nguyen2008sieve,
  title={Sieve algorithms for the shortest vector problem are practical},
  author={Nguyen, Phong Q and Vidick, Thomas},
  journal={Journal of Mathematical Cryptology},
  volume={2},
  number={2},
  pages={181--207},
  year={2008},
  publisher={Walter de Gruyter GmbH \& Co. KG}
}
@inproceedings{ajtai2001sieve,
  title={A sieve algorithm for the shortest lattice vector problem},
  author={Ajtai, Mikl{\'o}s and Kumar, Ravi and Sivakumar, Dandapani},
  booktitle={Proceedings of the thirty-third annual ACM symposium on Theory of computing},
  pages={601--610},
  year={2001},
  organization={ACM}
}
@inproceedings{alkim2016post,
  title={Post-quantum key exchange-a new hope.},
  author={Alkim, Erdem and Ducas, L{\'e}o and P{\"o}ppelmann, Thomas and Schwabe, Peter}
}
@incollection{micciancio2009lattice,
  title={Lattice-based cryptography},
  author={Micciancio, Daniele and Regev, Oded},
  booktitle={Post-quantum cryptography},
  pages={147--191},
  year={2009},
  publisher={Springer}
}
@inproceedings{chen2011bkz,
  title={BKZ 2.0: Better lattice security estimates},
  author={Chen, Yuanmi and Nguyen, Phong Q},
  booktitle={International Conference on the Theory and Application of Cryptology and Information Security},
  pages={1--20},
  year={2011},
  organization={Springer}
}
@article{pappu2002physical,
  title={Physical one-way functions},
  author={Pappu, Ravikanth and Recht, Ben and Taylor, Jason and Gershenfeld, Neil},
  journal={Science},
  volume={297},
  number={5589},
  pages={2026--2030},
  year={2002},
  publisher={American Association for the Advancement of Science}
}

@article{aysu2014simon,
  title={SIMON says: Break area records of block ciphers on FPGAs},
  author={Aysu, Aydin and Gulcan, Ege and Schaumont, Patrick},
  journal={IEEE Embedded Systems Letters},
  volume={6},
  number={2},
  pages={37--40},
  year={2014},
  publisher={IEEE}
}


@inproceedings{anandakumar2014very,
  title={A very compact FPGA implementation of LED and PHOTON},
  author={Anandakumar, N Nalla and Peyrin, Thomas and Poschmann, Axel},
  booktitle={International Conference in Cryptology in India},
  pages={304--321},
  year={2014},
  organization={Springer}
}
@inproceedings{maes2012pufky,
  title={PUFKY: A fully functional PUF-based cryptographic key generator},
  author={Maes, Roel and Van Herrewege, Anthony and Verbauwhede, Ingrid},
  booktitle={International Workshop on Cryptographic Hardware and Embedded Systems},
  pages={302--319},
  year={2012},
  organization={Springer}
}

@inproceedings{kaps2012lightweight,
  title={Lightweight implementations of SHA-3 finalists on FPGAs},
  author={Kaps, Jens-Peter and Yalla, Panasayya and Surapathi, Kishore Kumar and Habib, Bilal and Vadlamudi, Susheel and Gurung, Smriti},
  booktitle={The Third SHA-3 Candidate Conference},
  year={2012}
}

@Misc{CMAES-LIB,
author =   {Nikolaus Hansen},
title =    {{CMA-ES}, Covariance Matrix Adaptation Evolution Strategy for non-linear numerical optimization in Python},
howpublished = {\url{https://pypi.python.org/pypi/cma}},
year = {2017}
}

@article{SKLEARN-LIB,
 title={Scikit-learn: Machine Learning in {P}ython},
 author={Pedregosa, F. and Varoquaux, G. and Gramfort, A. and Michel, V.
         and Thirion, B. and Grisel, O. and Blondel, M. and Prettenhofer, P.
         and Weiss, R. and Dubourg, V. and Vanderplas, J. and Passos, A. and
         Cournapeau, D. and Brucher, M. and Perrot, M. and Duchesnay, E.},
 journal={Journal of Machine Learning Research},
 volume={12},
 pages={2825--2830},
 year={2011}
}

@incollection{boucheron2004concentration,
  title={Concentration inequalities},
  author={Boucheron, St{\'e}phane and Lugosi, G{\'a}bor and Bousquet, Olivier},
  booktitle={Advanced Lectures on Machine Learning},
  pages={208--240},
  year={2004},
  publisher={Springer}
}
@inproceedings{hospodar2012machine,
  title={Machine learning attacks on 65nm Arbiter PUFs: Accurate modeling poses strict bounds on usability},
  author={Hospodar, Gabriel and Maes, Roel and Verbauwhede, Ingrid},
  booktitle={Information Forensics and Security (WIFS), 2012 IEEE International Workshop on},
  pages={37--42},
  year={2012},
  organization={IEEE}
}
@inproceedings{grassl2016applying,
  title={Applying Grover’s algorithm to AES: quantum resource estimates},
  author={Grassl, Markus and Langenberg, Brandon and Roetteler, Martin and Steinwandt, Rainer},
  booktitle={International Workshop on Post-Quantum Cryptography},
  pages={29--43},
  year={2016},
  organization={Springer}
}
@book{van2012introduction,
  title={Introduction to coding theory},
  author={Van Lint, Jacobus Hendricus},
  volume={86},
  year={2012},
  publisher={Springer Science \& Business Media}
}
@incollection{bernstein2009introduction,
  title={Introduction to post-quantum cryptography},
  author={Bernstein, Daniel J},
  booktitle={Post-quantum cryptography},
  pages={1--14},
  year={2009},
  publisher={Springer}
}

@inproceedings{delvaux2014secure,
  title={Secure lightweight entity authentication with strong PUFs: Mission impossible?},
  author={Delvaux, Jeroen and Gu, Dawu and Schellekens, Dries and Verbauwhede, Ingrid},
  booktitle={International Workshop on Cryptographic Hardware and Embedded Systems},
  pages={451--475},
  year={2014},
  organization={Springer}
}
@book{goodfellow2016deep,
  title={Deep learning},
  author={Goodfellow, Ian and Bengio, Yoshua and Courville, Aaron and Bengio, Yoshua},
  volume={1},
  year={2016},
  publisher={MIT press Cambridge}
}
@article{herder2017trapdoor,
  title={Trapdoor computational fuzzy extractors and stateless cryptographically-secure physical unclonable functions},
  author={Herder, Charles and Ren, Ling and van Dijk, Marten and Yu, Meng-Day and Devadas, Srinivas},
  journal={IEEE Transactions on Dependable and Secure Computing},
  volume={14},
  number={1},
  pages={65--82},
  year={2017},
  publisher={IEEE}
}
@inproceedings{karpinskyy20168,
  title={8.7 Physically unclonable function for secure key generation with a key error rate of 2E-38 in 45nm smart-card chips},
  author={Karpinskyy, Bohdan and Lee, Yongki and Choi, Yunhyeok and Kim, Yongsoo and Noh, Mijung and Lee, Sanghyun},
  booktitle={Solid-State Circuits Conference (ISSCC), 2016 IEEE International},
  pages={158--160},
  year={2016},
  organization={IEEE}
}
@article{albrecht2015concrete,
  title={On the concrete hardness of learning with errors},
  author={Albrecht, Martin R and Player, Rachel and Scott, Sam},
  journal={Journal of Mathematical Cryptology},
  volume={9},
  number={3},
  pages={169--203},
  year={2015},
  publisher={De Gruyter}
}
@inproceedings{howgrave2007hybrid,
  title={A hybrid lattice-reduction and meet-in-the-middle attack against NTRU},
  author={Howgrave-Graham, Nick},
  booktitle={Annual International Cryptology Conference},
  pages={150--169},
  year={2007},
  organization={Springer}
}
@inproceedings{bosch2008efficient,
  title={Efficient helper data key extractor on FPGAs},
  author={B{\"o}sch, Christoph and Guajardo, Jorge and Sadeghi, Ahmad-Reza and Shokrollahi, Jamshid and Tuyls, Pim},
  booktitle={International Workshop on Cryptographic Hardware and Embedded Systems},
  pages={181--197},
  year={2008},
  organization={Springer}
}
@article{jin2017fpga,
  title={Fpga implementation of a cryptographically-secure puf based on learning parity with noise},
  author={Jin, Chenglu and Herder, Charles and Ren, Ling and Nguyen, Phuong Ha and Fuller, Benjamin and Devadas, Srinivas and van Dijk, Marten},
  journal={Cryptography},
  volume={1},
  number={3},
  pages={23},
  year={2017},
  publisher={Multidisciplinary Digital Publishing Institute}
}
@inproceedings{chu2012low,
  title={Low area memory-free FPGA implementation of the AES algorithm},
  author={Chu, Junfeng and Benaissa, Mohammed},
  booktitle={Field Programmable Logic and Applications (FPL), 2012 22nd International Conference on},
  pages={623--626},
  year={2012},
  organization={IEEE}
}
@inproceedings{kaps2011lightweight,
  title={Lightweight implementations of SHA-3 candidates on FPGAs},
  author={Kaps, Jens-Peter and Yalla, Panasayya and Surapathi, Kishore Kumar and Habib, Bilal and Vadlamudi, Susheel and Gurung, Smriti and Pham, John},
  booktitle={International Conference on Cryptology in India},
  pages={270--289},
  year={2011},
  organization={Springer}
}
@article{gassend2008controlled,
  title={Controlled physical random functions and applications},
  author={Gassend, Blaise and Dijk, Marten Van and Clarke, Dwaine and Torlak, Emina and Devadas, Srinivas and Tuyls, Pim},
  journal={ACM Transactions on Information and System Security (TISSEC)},
  volume={10},
  number={4},
  pages={3},
  year={2008},
  publisher={ACM}
}
@inproceedings{vijayakumar2016machine,
  title={Machine learning resistant strong PUF: Possible or a pipe dream?},
  author={Vijayakumar, Arunkumar and Patil, Vinay C and Prado, Charles B and Kundu, Sandip},
  booktitle={Hardware Oriented Security and Trust (HOST), 2016 IEEE International Symposium on},
  pages={19--24},
  year={2016},
  organization={IEEE}
}
@manual{xilinx:ds190,
    organization  = "Xilinx",
    title         = "Zynq-7000 SoC Data Sheet: Overview",
    year          =  2018,
    month         =  7,
    number        = "DS190",
    note          = "v1.11.1"
}

@ARTICLE{cycle_efficient_lfsr,
  author={Lin, Jui-Chieh and Chen, Sao-Jie and Hu, Yu Hen},
  journal={IEEE Transactions on Computers}, 
  title={Cycle-Efficient LFSR Implementation on Word-Based Microarchitecture}, 
  year={2013},
  volume={62},
  number={4},
  pages={832-838},
  doi={10.1109/TC.2012.14}}
  
  @INPROCEEDINGS{unrolled_lfsr_ref_2,
  author={Lauradoux, Cedric},
  booktitle={2007 IEEE International Parallel and Distributed Processing Symposium}, 
  title={From Hardware to Software Synthesis of Linear Feedback Shift Registers}, 
  year={2007},
  volume={},
  number={},
  pages={1-8},
  doi={10.1109/IPDPS.2007.370643}}
  
  @INPROCEEDINGS{unrolled_lfsr_ref_3,
  author={Muthiah, D. and Raj, A. Arockia Bazil},
  booktitle={2012 International Conference on Computing, Communication and Applications}, 
  title={Implementation of high-speed LFSR design with parallel architectures}, 
  year={2012},
  volume={},
  number={},
  pages={1-6},
  doi={10.1109/ICCCA.2012.6179137}}
  
@article{tamper_proof_sunar,
title = {A tamper-proof and lightweight authentication scheme},
journal = {Pervasive and Mobile Computing},
volume = {4},
number = {6},
pages = {807-818},
year = {2008},
note = {PerCom 2008},
issn = {1574-1192},
doi = {https://doi.org/10.1016/j.pmcj.2008.07.001},
author = {Ghaith Hammouri and Erdinç Öztürk and Berk Sunar},
keywords = {Low power authentication, RFIDs, Sensor networks security, Physical unclonable functions (PUF), Tamper-proof chips}
}

@InProceedings{learn_xor_arbiter_ganji,
author="Ganji, Fatemeh
and Tajik, Shahin
and Seifert, Jean-Pierre",
editor="Conti, Mauro
and Schunter, Matthias
and Askoxylakis, Ioannis",
title="Why Attackers Win: On the Learnability of XOR Arbiter PUFs",
booktitle="Trust and Trustworthy Computing",
year="2015",
publisher="Springer International Publishing",
address="Cham",
pages="22--39"
}

@inproceedings{strong_ml_attack_ganji,
author = {Ganji, Fatemeh and Tajik, Shahin and F\"{a}βler, Fabian and Seifert, Jean-Pierre},
title = {Strong Machine Learning Attack Against PUFs with No Mathematical Model},
year = {2016},
isbn = {9783662531396},
publisher = {Springer-Verlag},
address = {Berlin, Heidelberg},
doi = {10.1007/978-3-662-53140-2_19},
booktitle = {Proceedings of the 18th International Conference on Cryptographic Hardware and Embedded Systems --- CHES 2016 - Volume 9813},
pages = {391–411},
numpages = {21},
keywords = {Physically Unclonable Functions PUFs, Fourier analysis, PAC learning, Machine learning, Boosting technique}
}

@misc{pac_learn_interpose_puf,
      author = {Durba Chatterjee and Debdeep Mukhopadhyay and Aritra Hazra},
      title = {Interpose PUF can be PAC Learned},
      howpublished = {Cryptology ePrint Archive, Paper 2020/471},
      year = {2020}
}

@INPROCEEDINGS{dnn_xor_br_puf,
  author={Khalafalla, Mahmoud and Elmohr, Mahmoud A. and Gebotys, Catherine},
  booktitle={2020 IEEE International Symposium on Hardware Oriented Security and Trust (HOST)}, 
  title={Going Deep: Using deep learning techniques with simplified mathematical models against XOR BR and TBR PUFs (Attacks and Countermeasures)}, 
  year={2020},
  volume={},
  number={},
  pages={80-90},
  doi={10.1109/HOST45689.2020.9300262}}
  
  @INPROCEEDINGS{helper_data_manipulation,
  author={Delvaux, Jeroen and Verbauwhede, Ingrid},
  booktitle={2014 Design, Automation \& Test in Europe Conference \& Exhibition (DATE)}, 
  title={Key-recovery attacks on various RO PUF constructions via helper data manipulation}, 
  year={2014},
  volume={},
  number={},
  pages={1-6},
  doi={10.7873/DATE.2014.085}}

@misc{semi_invasive_attacks,
      author = {Sergei P. Skorobogatov},
      title = {Semi-invasive attacks – A new approach to hardware security analysis},
      howpublished = {University of Cambridge, Technical Report},
      year = {2005}
}

@inproceedings{sha3_finalist,
  title={Lightweight Implementations of SHA-3 Finalists on FPGAs},
  author={Jens-Peter Kaps and Panasayya Yalla and Kishore Kumar and Susheel Vadlamudi and Smriti Gurung},
  year={2012}
}

@inproceedings{brenner2014fpga,
  title={FPGA implementations of SPRING},
  author={Brenner, Hai and Gaspar, Lubos and Leurent, Ga{\"e}tan and Rosen, Alon and Standaert, Fran{\c{c}}ois-Xavier},
  booktitle={International Workshop on Cryptographic Hardware and Embedded Systems},
  pages={414--432},
  year={2014},
  organization={Springer}
}